<record><leader>00000cas a22000007i 4500</leader><controlfield tag="001">232117718</controlfield><controlfield tag="006">m     o  d        </controlfield><controlfield tag="007">cr |n|||||||||</controlfield><controlfield tag="008">830404c19219999mtudr neo     0   a0eng d</controlfield><datafield ind1=" " ind2=" " tag="010"><subfield code="a">  2015218726</subfield></datafield><datafield ind1=" " ind2=" " tag="040"><subfield code="a">Nz</subfield><subfield code="b">eng</subfield><subfield code="e">rda</subfield><subfield code="c">UX0</subfield><subfield code="d">TXU</subfield><subfield code="d">KUK</subfield><subfield code="d">OCLCQ</subfield><subfield code="d">OCLCO</subfield><subfield code="d">DLC</subfield></datafield><datafield ind1=" " ind2=" " tag="019"><subfield code="a">53827685</subfield><subfield code="a">55506473</subfield></datafield><datafield ind1="0" ind2=" " tag="022"><subfield code="a">2378-8518</subfield><subfield code="2">1</subfield></datafield><datafield ind1=" " ind2=" " tag="037"><subfield code="b">Tribune, P.O. Box 5468, Great Falls, MT 59403</subfield></datafield><datafield ind1=" " ind2=" " tag="042"><subfield code="a">msc</subfield><subfield code="a">nsdp</subfield></datafield><datafield ind1=" " ind2=" " tag="043"><subfield code="a">n-us-mt</subfield></datafield><datafield ind1="1" ind2="0" tag="050"><subfield code="a">ISSN RECORD</subfield></datafield><datafield ind1="0" ind2="0" tag="082"><subfield code="a">071</subfield><subfield code="2">23</subfield></datafield><datafield ind1="0" ind2=" " tag="130"><subfield code="a">Great Falls tribune (Great Falls, Mont. : 1921 : Online)</subfield></datafield><datafield ind1=" " ind2="0" tag="222"><subfield code="a">Great Falls tribune</subfield><subfield code="b">(Great Falls, Mont. 1921. Online)</subfield></datafield><datafield ind1="1" ind2="0" tag="245"><subfield code="a">Great Falls tribune.</subfield></datafield><datafield ind1="3" ind2="0" tag="246"><subfield code="a">Tribune</subfield></datafield><datafield ind1=" " ind2="1" tag="264"><subfield code="a">Great Falls, Montana :</subfield><subfield code="b">The Tribune (Incorporated),</subfield><subfield code="c">1921-</subfield></datafield><datafield ind1=" " ind2=" " tag="300"><subfield code="a">1 online resource</subfield></datafield><datafield ind1=" " ind2=" " tag="310"><subfield code="a">Daily</subfield></datafield><datafield ind1=" " ind2=" " tag="336"><subfield code="a">text</subfield><subfield code="b">txt</subfield><subfield code="2">rdacontent</subfield></datafield><datafield ind1=" " ind2=" " tag="337"><subfield code="a">computer</subfield><subfield code="b">c</subfield><subfield code="2">rdamedia</subfield></datafield><datafield ind1=" " ind2=" " tag="338"><subfield code="a">online resource</subfield><subfield code="b">cr</subfield><subfield code="2">rdacarrier</subfield></datafield><datafield ind1="1" ind2=" " tag="362"><subfield code="a">Began with thirty-second year (January 11, 1921).</subfield></datafield><datafield ind1=" " ind2=" " tag="515"><subfield code="a">Publication suspended Oct. 20-Dec. 18, 1974.</subfield></datafield><datafield ind1=" " ind2=" " tag="530"><subfield code="a">Also issued on microfilm from Bell &amp; Howell Information and Learning.</subfield></datafield><datafield ind1=" " ind2=" " tag="588"><subfield code="a">Description based on: Thirty-second year (January 11, 1921); title from masthead (Chroniclingamerica.loc.gov, viewed April 29, 2015).</subfield></datafield><datafield ind1=" " ind2=" " tag="588"><subfield code="a">Latest issue consulted: Thirty-fifth year (December 31, 1922) (Chroniclingamerica.loc.gov, viewed April 29, 2015).</subfield></datafield><datafield ind1=" " ind2="0" tag="651"><subfield code="a">Cascade County (Mont.)</subfield><subfield code="v">Newspapers.</subfield></datafield><datafield ind1=" " ind2="0" tag="651"><subfield code="a">Great Falls (Mont.)</subfield><subfield code="v">Newspapers.</subfield></datafield><datafield ind1=" " ind2="0" tag="655"><subfield code="a">Electronic journals.</subfield></datafield><datafield ind1=" " ind2=" " tag="752"><subfield code="a">United States</subfield><subfield code="b">Montana</subfield><subfield code="c">Cascade</subfield><subfield code="d">Great Falls.</subfield></datafield><datafield ind1="0" ind2="8" tag="776"><subfield code="i">Originally issued in print:</subfield><subfield code="t">Great Falls tribune (Great Falls, Mont. : 1921)</subfield><subfield code="x">2378-850X</subfield><subfield code="w">(DLC)sn 83045217</subfield><subfield code="w">(OCoLC)9374534</subfield></datafield><datafield ind1="0" ind2="0" tag="780"><subfield code="t">Great Falls daily tribune</subfield><subfield code="x">2378-8348</subfield><subfield code="w">(DLC)  2015218694</subfield><subfield code="w">(OCoLC)908159878</subfield></datafield><datafield ind1="0" ind2="5" tag="780"><subfield code="t">Great Falls leader (Great Falls, Mont. : 1909)</subfield></datafield><datafield ind1="4" ind2="0" tag="856"><subfield code="u">http://infoweb.newsbank.com/?db=GFTB</subfield><subfield code="z">Available only to authorized users.</subfield></datafield><datafield ind1="4" ind2="0" tag="856"><subfield code="u">http://www.loc.gov/chroniclingamerica/lccn/sn83045217/issues</subfield></datafield><datafield ind1="0" ind2=" " tag="029"><subfield code="a">NZ1</subfield><subfield code="b">12141587</subfield></datafield><datafield ind1="1" ind2=" " tag="029"><subfield code="a">NZ1</subfield><subfield code="b">13114138</subfield></datafield><datafield ind1="1" ind2=" " tag="029"><subfield code="a">AU@</subfield><subfield code="b">000044932008</subfield></datafield><datafield ind1="1" ind2=" " tag="029"><subfield code="a">NZ1</subfield><subfield code="b">14557041</subfield></datafield><datafield ind1="1" ind2=" " tag="029"><subfield code="a">AU@</subfield><subfield code="b">000051436786</subfield></datafield></record>